@article{lecun1998gradient,
  title={Gradient-based learning applied to document recognition},
  author={Lecun, Yann and Bottou, L{\'e}on and Bengio, Yoshua and Haffner, Patrick},
  journal={Proceedings of the IEEE},
  volume={86},
  number={11},
  pages={2278--2324},
  year={1998},
  publisher={IEEE}
}

@article{krizhevsky2017imagenet,
  title={Imagenet classification with deep convolutional neural networks},
  author={Krizhevsky, Alex and Sutskever, Ilya and Hinton, Geoffrey E},
  journal={Communications of the ACM},
  volume={60},
  number={6},
  pages={84--90},
  year={2017},
  publisher={ACM New York, NY, USA}
}

@inproceedings{he2016deep,
  title={Deep residual learning for image recognition},
  author={He, Kaiming and Zhang, Xiangyu and Ren, Shaoqing and Sun, Jian},
  booktitle={2016 IEEE Conference on Computer Vision and Pattern Recognition (CVPR)},
  pages={770--778},
  year={2016},
  organization={IEEE}
}

@misc{hal03253111,
  title={{https://hal.science/hal-03253111}},
  note={Accessed: 2024-06-29}
}

@misc{cnilAIguide,
  title={{Guide conformité des systèmes d'IA, les autres guides, outils et bonnes pratiques}},
  note={{https://www.cnil.fr/fr/intelligence-artificielle/guide/conformite-des-systemes-dia-les-autres-guides-outils-et-bonnes-pratiques}},
  note={Accessed: 2024-06-29}
}

@misc{YOLO_demonstration,
  title={YOLOv8 Comparison with Latest YOLO models},
  author={Pamudu123 Ranasinghe},
  howpublished={YouTube : \url{https://www.youtube.com/watch?v=QOC6vgnWnYo}},
  year={2023},
}

@article{besse2022,
  title = {Conformité européenne des systèmes d’IA : outils statistiques élémentaires},
  author = {Philippe Besse},
  journal = {Statistique et Société},
  volume = {10},
  number = {3},
  pages = {25-28},
  year = {2022},
  publisher = {Société Française de Statistique (SFdS)},
  url = {https://www.statistique-et-societe.fr}
}
