@book{Lamport,
  title     = "\LaTeX: A Document Preparation
              System",
  author    = "Lamport, Leslie",
  publisher = "Addison-Wesley",
  year      = 1994
}
