@article{iris,
  title={The irises of the Gaspe Peninsula},
  author={Anderson, Edgar},
  journal={Bull. Am. Iris Soc.},
  volume={59},
  pages={2--5},
  year={1935}
}